@article{rvart,
  title={A Tutorial on Runtime Verification},
  author={Ylie`s Falcone and Klaus Havelund and Giles Reger},
  year={2012}
}

@article{rv2,
  title={Introduction to Runtime Verification},
  author={Ezio Bartocci, Ylie`s Falcone, Adrian Francalanza, Giles Reger},
  year={2018}
}

@article{refa,
  title={From Finite Automata to Regular Expressions and Back - A Summary on Descriptional Complexity},
  author={Gruber, Hermann and Holzer, Markus},
  year={2014}
}